@article{JMLR:v15:mueller14a,
  author  = {Andreas C. M{\"u}ller and Sven Behnke},
  title   = {pystruct - Learning Structured Prediction in Python},
  journal = {Journal of Machine Learning Research},
  year    = {2014},
  volume  = {15},
  pages   = {2055-2060},
  url     = {http://jmlr.org/papers/v15/mueller14a.html}
}

@misc{gmaps.js,
    title = "{Google Maps API} with less pain and more fun",
    author = {Gustavo Leon},
    year = {2012},
    note="\url{https://hpneo.github.io/gmaps/}, retrieved June 2017",
}

@misc{lineup.js,
    title = "{LineUp.js}: Visual Analysis of Multi-Attribute Rankings",
    author = {The Caleydo Team},
    year = {2014},
    note="\url{https://github.com/Caleydo/lineupjs}, retrieved June 2017",
}

@misc{radarchart.js,
    title = "Simple radar chart in D3.js",
    author = {Alvaro Graves},
    year = {2013},
    note="\url{https://github.com/alangrafu/radar-chart-d3}, retrieved June 2017",
}

@misc{scipy,
      author = {Eric Jones and Travis Oliphant and Pearu Peterson and others},
      title = {{SciPy}: Open source scientific tools for {Python}},
      year =  {2001--},
      note = "\url{http://www.scipy.org/}, retrieved June 2017",
}

@article{numpy,
  title={The {NumPy} array: a structure for efficient numerical computation},
  author={Walt, St{\'e}fan van der and Colbert, S Chris and Varoquaux, Gael},
  journal={Computing in Science \& Engineering},
  volume={13},
  number={2},
  pages={22--30},
  year={2011},
  publisher={IEEE}
}

@inproceedings{pandas,
  title={Data structures for statistical computing in python},
  author={McKinney, Wes and others},
  booktitle={Proceedings of the 9th Python in Science Conference},
  volume={445},
  pages={51--56},
  year={2010},
  organization={van der Voort S, Millman J}
}

@article{sklearn,
  title={Scikit-learn: Machine learning in Python},
  author={Pedregosa, Fabian and Varoquaux, Ga{\"e}l and Gramfort, Alexandre and Michel, Vincent and Thirion, Bertrand and Grisel, Olivier and Blondel, Mathieu and Prettenhofer, Peter and Weiss, Ron and Dubourg, Vincent and others},
  journal={Journal of Machine Learning Research},
  volume={12},
  number={Oct},
  pages={2825--2830},
  year={2011}
}

@misc{joblib,
      title = "{Joblib}: running Python functions as pipeline jobs",
      author = {Gael Varoquaux},
      year={2008},
      note = "\url{http://pythonhosted.org/joblib/}, retrieved June 2017",
}
