@article{seshadri1994list,
  title={List Viterbi decoding algorithms with applications},
  author={Seshadri, Nambirajan and Sundberg, C-EW},
  journal={IEEE transactions on communications},
  volume={42},
  number={234},
  pages={313--323},
  year={1994},
  publisher={IEEE}
}

@misc{fatml,
  title={Fairness, Accountability, and Transparency in Machine Learning}, 
  author={FAT/ML},
  year={2017},
  note ={\url{http://www.fatml.org}, retrieved May 2017}
}

@article{nill1995list,
  title={List and soft symbol output Viterbi algorithms: Extensions and comparisons},
  author={Nill, Christiane and Sundberg, C-EW},
  journal={IEEE Transactions on Communications},
  volume={43},
  number={234},
  pages={277--287},
  year={1995},
  publisher={IEEE}
}

@article{gratzl2013lineup,
  title={Lineup: Visual analysis of multi-attribute rankings},
  author={Gratzl, Samuel and Lex, Alexander and Gehlenborg, Nils and Pfister, Hanspeter and Streit, Marc},
  journal={IEEE transactions on visualization and computer graphics},
  volume={19},
  number={12},
  pages={2277--2286},
  year={2013},
  publisher={IEEE}
}

@inproceedings{lu2015trajrank,
  title={Trajrank: Exploring travel behaviour on a route by trajectory ranking},
  author={Lu, Min and Wang, Zuchao and Yuan, Xiaoru},
  booktitle={Visualization Symposium (PacificVis), 2015 IEEE Pacific},
  pages={311--318},
  year={2015},
  organization={IEEE}
}

@article{tsochantaridis2005large,
  title={Large margin methods for structured and interdependent output variables},
  author={Tsochantaridis, Ioannis and Joachims, Thorsten and Hofmann, Thomas and Altun, Yasemin},
  journal={Journal of machine learning research},
  volume={6},
  number={Sep},
  pages={1453--1484},
  year={2005}
}

@article{joachims2009predicting,
  title={Predicting structured objects with support vector machines},
  author={Joachims, Thorsten and Hofmann, Thomas and Yue, Yisong and Yu, Chun-Nam},
  journal={Communications of the ACM},
  volume={52},
  number={11},
  pages={97--104},
  year={2009},
  publisher={ACM}
}

@inproceedings{chen2017SR,
  title={Structured Recommendation},
  author={Chen, Dawei and Xie, Lexing and Aditya Menon and Ong, Cheng Soon},
  booktitle={Technical Report, Data61, CSIRO},
  year={2017}
}

@inproceedings{chen2016learning,
  title={Learning Points and Routes to Recommend Trajectories},
  author={Chen, Dawei and Ong, Cheng Soon and Xie, Lexing},
  booktitle={Proceedings of the 25th ACM International on Conference on Information and Knowledge Management},
  pages={2227--2232},
  year={2016},
  organization={ACM}
}

@inproceedings{rendle2009bpr,
  title={BPR: Bayesian personalized ranking from implicit feedback},
  author={Rendle, Steffen and Freudenthaler, Christoph and Gantner, Zeno and Schmidt-Thieme, Lars},
  booktitle={Proceedings of the twenty-fifth conference on uncertainty in artificial intelligence},
  pages={452--461},
  year={2009},
  organization={AUAI Press}
}

@inproceedings{nilsson2001sequentially,
  title={Sequentially finding the {N}-best list in hidden {Markov} models},
  author={Nilsson, Dennis and Goldberger, Jacob},
  booktitle={Proceedings of the 17th international joint conference on Artificial intelligence},
  pages={1280--1285},
  year={2001},
  organization={Morgan Kaufmann Publishers Inc.}
}

@article{JMLR:v15:mueller14a,
  author  = {Andreas C. M{\"u}ller and Sven Behnke},
  title   = {pystruct - Learning Structured Prediction in Python},
  journal = {Journal of Machine Learning Research},
  year    = {2014},
  volume  = {15},
  pages   = {2055-2060},
  url     = {http://jmlr.org/papers/v15/mueller14a.html}
}
